
@article{locey2016scaling,
  title={Scaling laws predict global microbial diversity},
  author={Locey, Kenneth J and Lennon, Jay T},
  journal={Proceedings of the National Academy of Sciences},
  volume={113},
  number={21},
  pages={5970--5975},
  year={2016},
  publisher={National Acad Sciences}
}

@article{whitman1998prokaryotes,
  title={Prokaryotes: the unseen majority},
  author={Whitman, William B and Coleman, David C and Wiebe, William J},
  journal={Proceedings of the National Academy of Sciences},
  volume={95},
  number={12},
  pages={6578--6583},
  year={1998},
  publisher={National Acad Sciences}
}

@article{bar2018biomass,
  title={The biomass distribution on Earth},
  author={Bar-On, Yinon M and Phillips, Rob and Milo, Ron},
  journal={Proceedings of the National Academy of Sciences},
  volume={115},
  number={25},
  pages={6506--6511},
  year={2018},
  publisher={National Acad Sciences}
}

@incollection{gupta2017microbes,
  title={Microbes and environment},
  author={Gupta, Ankit and Gupta, Rasna and Singh, Ram Lakhan},
  booktitle={Principles and applications of environmental biotechnology for a sustainable future},
  pages={43--84},
  year={2017},
  publisher={Springer}
}

@article{konopka2009microbial,
  title={What is microbial community ecology?},
  author={Konopka, Allan},
  journal={The ISME journal},
  volume={3},
  number={11},
  pages={1223--1230},
  year={2009},
  publisher={Nature Publishing Group}
}

@article{delgado2016microbial,
  title={Microbial diversity drives multifunctionality in terrestrial ecosystems},
  author={Delgado-Baquerizo, Manuel and Maestre, Fernando T and Reich, Peter B and Jeffries, Thomas C and Gaitan, Juan J and Encinar, Daniel and Berdugo, Miguel and Campbell, Colin D and Singh, Brajesh K},
  journal={Nature communications},
  volume={7},
  number={1},
  pages={1--8},
  year={2016},
  publisher={Nature Publishing Group}
}

@article{morris2020linking,
  title={Linking microbial communities to ecosystem functions: what we can learn from genotype--phenotype mapping in organisms},
  author={Morris, Andrew and Meyer, Kyle and Bohannan, Brendan},
  journal={Philosophical Transactions of the Royal Society B},
  volume={375},
  number={1798},
  pages={20190244},
  year={2020},
  publisher={The Royal Society}
}

@article{chase2011disentangling,
  title={Disentangling the importance of ecological niches from stochastic processes across scales},
  author={Chase, Jonathan M and Myers, Jonathan A},
  journal={Philosophical transactions of the Royal Society B: Biological sciences},
  volume={366},
  number={1576},
  pages={2351--2363},
  year={2011},
  publisher={The Royal Society}
}

@article{posfai2017metabolic,
  title={Metabolic trade-offs promote diversity in a model ecosystem},
  author={Posfai, Anna and Taillefumier, Thibaud and Wingreen, Ned S},
  journal={Physical review letters},
  volume={118},
  number={2},
  pages={028103},
  year={2017},
  publisher={APS}
}

@article{tilman2004niche,
  title={Niche tradeoffs, neutrality, and community structure: a stochastic theory of resource competition, invasion, and community assembly},
  author={Tilman, David},
  journal={Proceedings of the National Academy of Sciences},
  volume={101},
  number={30},
  pages={10854--10861},
  year={2004},
  publisher={National Acad Sciences}
}

@article{cadotte2007concurrent,
  title={Concurrent niche and neutral processes in the competition--colonization model of species coexistence},
  author={Cadotte, Marc William},
  journal={Proceedings of the Royal Society B: Biological Sciences},
  volume={274},
  number={1626},
  pages={2739--2744},
  year={2007},
  publisher={The Royal Society London}
}

@article{stegen2012stochastic,
  title={Stochastic and deterministic assembly processes in subsurface microbial communities},
  author={Stegen, James C and Lin, Xueju and Konopka, Allan E and Fredrickson, James K},
  journal={The ISME journal},
  volume={6},
  number={9},
  pages={1653--1664},
  year={2012},
  publisher={Nature Publishing Group}
}

@article{logue2010species,
  title={Species sorting affects bacterioplankton community composition as determined by 16S rDNA and 16S rRNA fingerprints},
  author={Logue, J{\"u}rg B and Lindstr{\"o}m, Eva S},
  journal={The ISME journal},
  volume={4},
  number={6},
  pages={729--738},
  year={2010},
  publisher={Nature Publishing Group}
}

@article{glassman2017environmental,
  title={Environmental filtering by pH and soil nutrients drives community assembly in fungi at fine spatial scales},
  author={Glassman, Sydney I and Wang, Ian J and Bruns, Thomas D},
  journal={Molecular ecology},
  volume={26},
  number={24},
  pages={6960--6973},
  year={2017},
  publisher={Wiley Online Library}
}

@article{vellend2010conceptual,
  title={Conceptual synthesis in community ecology},
  author={Vellend, Mark},
  journal={The Quarterly review of biology},
  volume={85},
  number={2},
  pages={183--206},
  year={2010},
  publisher={The University of Chicago Press<? Pub Caret?>}
}

@article{chesson2000mechanisms,
  title={Mechanisms of maintenance of species diversity},
  author={Chesson, Peter},
  journal={Annual review of Ecology and Systematics},
  volume={31},
  number={1},
  pages={343--366},
  year={2000},
  publisher={Annual Reviews 4139 El Camino Way, PO Box 10139, Palo Alto, CA 94303-0139, USA}
}

@article{borrelli2015selection,
  title={Selection on stability across ecological scales},
  author={Borrelli, Jonathan J and Allesina, Stefano and Amarasekare, Priyanga and Arditi, Roger and Chase, Ivan and Damuth, John and Holt, Robert D and Logofet, Dmitrii O and Novak, Mark and Rohr, Rudolf P and others},
  journal={Trends in Ecology \& Evolution},
  volume={30},
  number={7},
  pages={417--425},
  year={2015},
  publisher={Elsevier}
}

@article{pascual2020metabolically,
  title={Metabolically cohesive microbial consortia and ecosystem functioning},
  author={Pascual-Garc{\'\i}a, Alberto and Bonhoeffer, Sebastian and Bell, Thomas},
  journal={Philosophical Transactions of the Royal Society B},
  volume={375},
  number={1798},
  pages={20190245},
  year={2020},
  publisher={The Royal Society}
}

@article{pascual2020community,
  title={Community-level signatures of ecological succession in natural bacterial communities},
  author={Pascual-Garc{\'\i}a, Alberto and Bell, Thomas},
  journal={Nature communications},
  volume={11},
  number={1},
  pages={1--11},
  year={2020},
  publisher={Nature Publishing Group}
}

@article{kirk2004methods,
  title={Methods of studying soil microbial diversity},
  author={Kirk, Jennifer L and Beaudette, Lee A and Hart, Miranda and Moutoglis, Peter and Klironomos, John N and Lee, Hung and Trevors, Jack T},
  journal={Journal of microbiological methods},
  volume={58},
  number={2},
  pages={169--188},
  year={2004},
  publisher={Elsevier}
}

@article{theron2000molecular,
  title={Molecular techniques for determining microbial diversity and community structure in natural environments},
  author={Theron, J and Cloete, TE},
  journal={Critical reviews in microbiology},
  volume={26},
  number={1},
  pages={37--57},
  year={2000},
  publisher={Taylor \& Francis}
}

@article{tiedje1999opening,
  title={Opening the black box of soil microbial diversity},
  author={Tiedje, James M and Asuming-Brempong, Stella and N{\"u}sslein, Klaus and Marsh, Terry L and Flynn, Shannon J},
  journal={Applied soil ecology},
  volume={13},
  number={2},
  pages={109--122},
  year={1999},
  publisher={Elsevier}
}

@article{thompson2017communal,
  title={A communal catalogue reveals Earth’s multiscale microbial diversity},
  author={Thompson, Luke R and Sanders, Jon G and McDonald, Daniel and Amir, Amnon and Ladau, Joshua and Locey, Kenneth J and Prill, Robert J and Tripathi, Anupriya and Gibbons, Sean M and Ackermann, Gail and others},
  journal={Nature},
  volume={551},
  number={7681},
  pages={457--463},
  year={2017},
  publisher={Nature Publishing Group}
}

@article{zhou2016temperature,
  title={Temperature mediates continental-scale diversity of microbes in forest soils},
  author={Zhou, Jizhong and Deng, Ye and Shen, Lina and Wen, Chongqing and Yan, Qingyun and Ning, Daliang and Qin, Yujia and Xue, Kai and Wu, Liyou and He, Zhili and others},
  journal={Nature communications},
  volume={7},
  number={1},
  pages={1--10},
  year={2016},
  publisher={Nature Publishing Group}
}

@article{kolton2019impact,
  title={Impact of warming on greenhouse gas production and microbial diversity in anoxic peat from a Sphagnum-dominated bog (Grand Rapids, Minnesota, United States)},
  author={Kolton, Max and Marks, Ansley and Wilson, Rachel M and Chanton, Jeffrey P and Kostka, Joel E},
  journal={Frontiers in microbiology},
  volume={10},
  pages={870},
  year={2019},
  publisher={Frontiers}
}

@article{zhou2020meta,
  title={Meta-analysis of the impacts of global change factors on soil microbial diversity and functionality},
  author={Zhou, Zhenghu and Wang, Chuankuan and Luo, Yiqi},
  journal={Nature communications},
  volume={11},
  number={1},
  pages={1--10},
  year={2020},
  publisher={Nature Publishing Group}
}

@misc{hendershot2017consistently,
  title={Consistently inconsistent drivers of microbial diversity and abundance at macroecological scales},
  author={Hendershot, John Nicholas and Read, Quentin D and Henning, Jeremiah A and Sanders, Nathan J and Classen, Aim{\'e}e T},
  year={2017},
  publisher={Wiley Online Library}
}

@article{bardgett2008microbial,
  title={Microbial contributions to climate change through carbon cycle feedbacks},
  author={Bardgett, Richard D and Freeman, Chris and Ostle, Nicholas J},
  journal={The ISME journal},
  volume={2},
  number={8},
  pages={805--814},
  year={2008},
  publisher={Nature Publishing Group}
}

@article{davidson2006temperature,
  title={Temperature sensitivity of soil carbon decomposition and feedbacks to climate change},
  author={Davidson, Eric A and Janssens, Ivan A},
  journal={Nature},
  volume={440},
  number={7081},
  pages={165--173},
  year={2006},
  publisher={Nature Publishing Group}
}

@article{gang2019meta,
  title={A meta-analysis of the effects of warming and elevated CO2 on soil microbes},
  author={Gang, Fu},
  journal={Journal of Resources and Ecology},
  volume={10},
  number={1},
  pages={69--76},
  year={2019},
  publisher={BioOne}
}

@article{smith2019community,
  title={Community-level respiration of prokaryotic microbes may rise with global warming},
  author={Smith, Thomas P and Thomas, Thomas JH and Garc{\'\i}a-Carreras, Bernardo and Sal, Sof{\'\i}a and Yvon-Durocher, Gabriel and Bell, Thomas and Pawar, Samr{\=a}t},
  journal={Nature communications},
  volume={10},
  number={1},
  pages={1--11},
  year={2019},
  publisher={Nature Publishing Group}
}

@article{domeignoz2020microbial,
  title={Microbial diversity drives carbon use efficiency in a model soil},
  author={Domeignoz-Horta, Luiz A and Pold, Grace and Liu, Xiao-Jun Allen and Frey, Serita D and Melillo, Jerry M and DeAngelis, Kristen M},
  journal={Nature communications},
  volume={11},
  number={1},
  pages={1--10},
  year={2020},
  publisher={Nature Publishing Group}
}

@article{goldford2018emergent,
  title={Emergent simplicity in microbial community assembly},
  author={Goldford, Joshua E and Lu, Nanxi and Baji{\'c}, Djordje and Estrela, Sylvie and Tikhonov, Mikhail and Sanchez-Gorostiaga, Alicia and Segr{\`e}, Daniel and Mehta, Pankaj and Sanchez, Alvaro},
  journal={Science},
  volume={361},
  number={6401},
  pages={469--474},
  year={2018},
  publisher={American Association for the Advancement of Science}
}

@article{pawar2009community,
  title={Community assembly, stability and signatures of dynamical constraints on food web structure},
  author={Pawar, Samraat},
  journal={Journal of theoretical biology},
  volume={259},
  number={3},
  pages={601--612},
  year={2009},
  publisher={Elsevier}
}

@article{macarthur1970species,
  title={Species packing and competitive equilibrium for many species},
  author={MacArthur, Robert},
  journal={Theoretical population biology},
  volume={1},
  number={1},
  pages={1--11},
  year={1970},
  publisher={Elsevier}
}

@article{marsland2019available,
  title={Available energy fluxes drive a transition in the diversity, stability, and functional structure of microbial communities},
  author={Marsland III, Robert and Cui, Wenping and Goldford, Joshua and Sanchez, Alvaro and Korolev, Kirill and Mehta, Pankaj},
  journal={PLoS computational biology},
  volume={15},
  number={2},
  pages={e1006793},
  year={2019},
  publisher={Public Library of Science}
}

@article{kontopoulos2020phytoplankton,
    author =       "Kontopoulos, Dimitrios-Georgios and van Sebille, Erik and Lange, Michael and Yvon-Durocher, Gabriel and Barraclough, Timothy G and Pawar, Samraat",
    title =        "Phytoplankton thermal responses adapt in the absence of hard thermodynamic constraints",
    journal =      "Evolution",
    volume =       "74",
    number =       "4",
    pages =        "775--790",
    year =         "2020",
    publisher =          "Wiley Online Library"
}

@article{manzoni2012environmental,
  title={Environmental and stoichiometric controls on microbial carbon-use efficiency in soils},
  author={Manzoni, Stefano and Taylor, Philip and Richter, Andreas and Porporato, Amilcare and {\AA}gren, G{\"o}ran I},
  journal={New Phytologist},
  volume={196},
  number={1},
  pages={79--91},
  year={2012},
  publisher={Wiley Online Library}
}

@article{smith2020systematic,
 author = {Smith, Thomas P. and Clegg, Tom and Bell, Thomas and Pawar, Samrāt},
 title = {Systematic variation in the temperature dependence of bacterial carbon use efficiency},
 journal = {Ecology Letters},
 volume = {n/a},
 number = {n/a},
 pages = {n/a},
 year={2020}
}

@book{tilman1982resource,
  title={Resource Competition and Community Structure},
  author={Tilman, David},
  year={1982},
  publisher={Princeton university press}
}

@article{finlay1997microbial,
  title={Microbial diversity and ecosystem function},
  author={Finlay, Bland J and Maberly, Stephen C and Cooper, J Ian},
  journal={Oikos},
  pages={209--213},
  year={1997},
  publisher={JSTOR}
}
{"mode":"full","isActive":false}

@article{ratzke2020strength,
  title={Strength of species interactions determines biodiversity and stability in microbial communities},
  author={Ratzke, Christoph and Barrere, Julien and Gore, Jeff},
  journal={Nature ecology \& evolution},
  volume={4},
  number={3},
  pages={376--383},
  year={2020},
  publisher={Nature Publishing Group}
}
{"mode":"full","isActive":false}

@article{roller2016exploiting,
  title={Exploiting rRNA operon copy number to investigate bacterial reproductive strategies},
  author={Roller, Benjamin RK and Stoddard, Steven F and Schmidt, Thomas M},
  journal={Nature microbiology},
  volume={1},
  number={11},
  pages={1--7},
  year={2016},
  publisher={Nature Publishing Group}
}
{"mode":"full","isActive":false}

@article{gilchrist1995specialists,
  title={Specialists and generalists in changing environments. I. Fitness landscapes of thermal sensitivity},
  author={Gilchrist, George W},
  journal={The American Naturalist},
  volume={146},
  number={2},
  pages={252--270},
  year={1995},
  publisher={University of Chicago Press}
}
{"mode":"full","isActive":false}

@article{butler2018stability,
  title={Stability criteria for complex microbial communities},
  author={Butler, Stacey and O’Dwyer, James P},
  journal={Nature communications},
  volume={9},
  number={1},
  pages={1--10},
  year={2018},
  publisher={Nature Publishing Group}
}

@article{allesina2012stability,
  title={Stability criteria for complex ecosystems},
  author={Allesina, Stefano and Tang, Si},
  journal={Nature},
  volume={483},
  number={7388},
  pages={205--208},
  year={2012},
  publisher={Nature Publishing Group}
}

@article{coyte2015ecology,
  title={The ecology of the microbiome: networks, competition, and stability},
  author={Coyte, Katharine Z and Schluter, Jonas and Foster, Kevin R},
  journal={Science},
  volume={350},
  number={6261},
  pages={663--666},
  year={2015},
  publisher={American Association for the Advancement of Science}
}

@article{burman2021microbial,
  title={Microbial community interactions are sensitive to small changes in temperature},
  author={Burman, Emil and Bengtsson-Palme, Johan},
  journal={Frontiers in microbiology},
  volume={12},
  year={2021},
  publisher={Frontiers Media SA}
}

@article{he2021temperature,
  title={Temperature and microbial interactions drive the deterministic assembly processes in sediments of hot springs},
  author={He, Qing and Wang, Shang and Hou, Weiguo and Feng, Kai and Li, Fangru and Hai, Wanming and Zhang, Yidi and Sun, Yuxuan and Deng, Ye},
  journal={Science of The Total Environment},
  volume={772},
  pages={145465},
  year={2021},
  publisher={Elsevier}
}

@article{lin2016temperature,
  title={Temperature affects microbial abundance, activity and interactions in anaerobic digestion},
  author={Lin, Qiang and De Vrieze, Jo and Li, Jiabao and Li, Xiangzhen},
  journal={Bioresource Technology},
  volume={209},
  pages={228--236},
  year={2016},
  publisher={Elsevier}
}

@article{garcia2018changes,
  title={Changes in temperature alter the relationship between biodiversity and ecosystem functioning},
  author={Garc{\'\i}a, Francisca C and Bestion, Elvire and Warfield, Ruth and Yvon-Durocher, Gabriel},
  journal={Proceedings of the National Academy of Sciences},
  volume={115},
  number={43},
  pages={10989--10994},
  year={2018},
  publisher={National Acad Sciences}
}

@article{hanemaaijer2015systems,
  title={Systems modeling approaches for microbial community studies: from metagenomics to inference of the community structure},
  author={Hanemaaijer, Mark and R{\"o}ling, Wilfred FM and Olivier, Brett G and Khandelwal, Ruchir A and Teusink, Bas and Bruggeman, Frank J},
  journal={Frontiers in microbiology},
  volume={6},
  pages={213},
  year={2015},
  publisher={Frontiers}
}

@article{marsland2020minimal,
  title={A minimal model for microbial biodiversity can reproduce experimentally observed ecological patterns},
  author={Marsland, Robert and Cui, Wenping and Mehta, Pankaj},
  journal={Scientific reports},
  volume={10},
  number={1},
  pages={1--17},
  year={2020},
  publisher={Nature Publishing Group}
}

@article{violle2007let,
  title={Let the concept of trait be functional!},
  author={Violle, Cyrille and Navas, Marie-Laure and Vile, Denis and Kazakou, Elena and Fortunel, Claire and Hummel, Ir{\`e}ne and Garnier, Eric},
  journal={Oikos},
  volume={116},
  number={5},
  pages={882--892},
  year={2007},
  publisher={Wiley Online Library}
}

@article{tilman1981competition,
  title={Competition and nutrient kinetics along a temperature gradient: An experimental test of a mechanistic approach to niche theory 1},
  author={Tilman, David and Mattson, Mark and Langer, Sara},
  journal={Limnology and Oceanography},
  volume={26},
  number={6},
  pages={1020--1033},
  year={1981},
  publisher={Wiley Online Library}
}

@article{bestion2018metabolic,
  title={Metabolic traits predict the effects of warming on phytoplankton competition},
  author={Bestion, Elvire and Garc{\'\i}a-Carreras, Bernardo and Schaum, Charlotte-Elisa and Pawar, Samraat and Yvon-Durocher, Gabriel},
  journal={Ecology Letters},
  volume={21},
  number={5},
  pages={655--664},
  year={2018},
  publisher={Wiley Online Library}
}

@article{sinsabaugh2013carbon,
  title={Carbon use efficiency of microbial communities: stoichiometry, methodology and modelling},
  author={Sinsabaugh, Robert L and Manzoni, Stefano and Moorhead, Daryl L and Richter, Andreas},
  journal={Ecology letters},
  volume={16},
  number={7},
  pages={930--939},
  year={2013},
  publisher={Wiley Online Library}
}

@article{schimel2012microbial,
  title={Microbial control over carbon cycling in soil},
  author={Schimel, Joshua and Schaeffer, Sean Michael},
  journal={Frontiers in microbiology},
  volume={3},
  pages={348},
  year={2012},
  publisher={Frontiers}
}

@article{xu2021high,
  title={High microbial diversity stabilizes the responses of soil organic carbon decomposition to warming in the subsoil on the Tibetan Plateau},
  author={Xu, Meng and Li, Xiaoliang and Kuyper, Thomas W and Xu, Ming and Li, Xiaolin and Zhang, Junling},
  journal={Global Change Biology},
  volume={27},
  number={10},
  pages={2061--2075},
  year={2021},
  publisher={Wiley Online Library}
}

@inproceedings{zheng2017carbon,
  title={Carbon use efficiency (CUE) and biomass turnover of soil microbial communities as affected by bedrock, land management and soil temperature and moisture},
  author={Zheng, Qing and Hu, Yuntao and Richter, Andreas and Wanek, Wolfgang},
  booktitle={EGU General Assembly Conference Abstracts},
  pages={8307},
  year={2017}
}

@article{sinsabaugh2016stoichiometry,
  title={Stoichiometry of microbial carbon use efficiency in soils},
  author={Sinsabaugh, Robert L and Turner, Benjamin L and Talbot, Jennifer M and Waring, Bonnie G and Powers, Jennifer S and Kuske, Cheryl R and Moorhead, Daryl L and Follstad Shah, Jennifer J},
  journal={Ecological Monographs},
  volume={86},
  number={2},
  pages={172--189},
  year={2016},
  publisher={Wiley Online Library}
}

@article{blagodatskaya2014microbial,
  title={Microbial growth and carbon use efficiency in the rhizosphere and root-free soil},
  author={Blagodatskaya, Evgenia and Blagodatsky, Sergey and Anderson, Traute-Heidi and Kuzyakov, Yakov},
  journal={PloS one},
  volume={9},
  number={4},
  pages={e93282},
  year={2014},
  publisher={Public Library of Science San Francisco, USA}
}

@article{allison2010soil,
  title={Soil-carbon response to warming dependent on microbial physiology},
  author={Allison, Steven D and Wallenstein, Matthew D and Bradford, Mark A},
  journal={Nature Geoscience},
  volume={3},
  number={5},
  pages={336--340},
  year={2010},
  publisher={Nature Publishing Group}
}

@article{louis2016microbial,
  title={Microbial diversity indexes can explain soil carbon dynamics as a function of carbon source},
  author={Louis, Benjamin P and Maron, Pierre-Alain and Menasseri-Aubry, Safya and Sarr, Amadou and L{\'e}v{\^e}que, Jean and Mathieu, Olivier and Jolivet, Claudy and Leterme, Philippe and Viaud, Val{\'e}rie},
  journal={PLoS One},
  volume={11},
  number={8},
  pages={e0161251},
  year={2016},
  publisher={Public Library of Science San Francisco, CA USA}
}

@article{brown2004toward,
  title={Toward a metabolic theory of ecology},
  author={Brown, James H and Gillooly, James F and Allen, Andrew P and Savage, Van M and West, Geoffrey B},
  journal={Ecology},
  volume={85},
  number={7},
  pages={1771--1789},
  year={2004},
  publisher={Wiley Online Library}
}

@article{hardin1960competitive,
  title={The competitive exclusion principle},
  author={Hardin, Garrett},
  journal={science},
  volume={131},
  number={3409},
  pages={1292--1297},
  year={1960},
  publisher={JSTOR}
}

@article{levin1970community,
  title={Community equilibria and stability, and an extension of the competitive exclusion principle},
  author={Levin, Simon A},
  journal={The American Naturalist},
  volume={104},
  number={939},
  pages={413--423},
  year={1970},
  publisher={University of Chicago Press}
}

@article{harris2020array,
 title= {Array programming with {NumPy}},
 author= {Charles R. Harris and K. Jarrod Millman and St{\'{e}}fan J. van der Walt and Ralf Gommers and Pauli Virtanen and David Cournapeau and Eric Wieser and Julian Taylor and Sebastian Berg and Nathaniel J. Smith and Robert Kern and Matti Picus and Stephan Hoyer and Marten H. van Kerkwijk and Matthew Brett and Allan Haldane and Jaime Fern{\'{a}}ndez del R{\'{i}}o and Mark Wiebe and Pearu Peterson and Pierre G{\'{e}}rard-Marchant and Kevin Sheppard and Tyler Reddy and Warren Weckesser and Hameer Abbasi and Christoph Gohlke and Travis E. Oliphant},
 year={2020},
 month = sep,
 journal = {Nature},
 volume = {585},
 number = {7825},
 pages  = {357--362},
 doi = {10.1038/s41586-020-2649-2},
 publisher = {Springer Science and Business Media {LLC}},
 url = {https://doi.org/10.1038/s41586-020-2649-2}
}

@article{virtanen2020scipy,
  title={SciPy 1.0: fundamental algorithms for scientific computing in Python},
  author={Virtanen, Pauli and Gommers, Ralf and Oliphant, Travis E and Haberland, Matt and Reddy, Tyler and Cournapeau, David and Burovski, Evgeni and Peterson, Pearu and Weckesser, Warren and Bright, Jonathan and others},
  journal={Nature methods},
  volume={17},
  number={3},
  pages={261--272},
  year={2020},
  publisher={Nature Publishing Group}
}

@Article{Hunter:2007,
  Author    = {Hunter, J. D.},
  Title     = {Matplotlib: A 2D graphics environment},
  Journal   = {Computing in Science \& Engineering},
  Volume    = {9},
  Number    = {3},
  Pages     = {90--95},
  abstract  = {Matplotlib is a 2D graphics package used for Python for
  application development, interactive scripting, and publication-quality
  image generation across user interfaces and operating systems.},
  publisher = {IEEE COMPUTER SOC},
  doi       = {10.1109/MCSE.2007.55},
  year      = 2007
}

@article{ning2020quantitative,
  title={A quantitative framework reveals ecological drivers of grassland microbial community assembly in response to warming},
  author={Ning, Daliang and Yuan, Mengting and Wu, Linwei and Zhang, Ya and Guo, Xue and Zhou, Xishu and Yang, Yunfeng and Arkin, Adam P and Firestone, Mary K and Zhou, Jizhong},
  journal={Nature communications},
  volume={11},
  number={1},
  pages={1--12},
  year={2020},
  publisher={Nature Publishing Group}
}

@article{yan2017nearly,
  title={Nearly a decade-long repeatable seasonal diversity patterns of bacterioplankton communities in the eutrophic Lake Donghu (Wuhan, China)},
  author={Yan, Qingyun and Stegen, James C and Yu, Yuhe and Deng, Ye and Li, Xinghao and Wu, Shu and Dai, Lili and Zhang, Xiang and Li, Jinjin and Wang, Chun and others},
  journal={Molecular ecology},
  volume={26},
  number={14},
  pages={3839--3850},
  year={2017},
  publisher={Wiley Online Library}
}

@article{schoolfield1981non,
  title={Non-linear regression of biological temperature-dependent rate models based on absolute reaction-rate theory},
  author={Schoolfield, Robert M and Sharpe, PJH and Magnuson, Charles E},
  journal={Journal of theoretical biology},
  volume={88},
  number={4},
  pages={719--731},
  year={1981},
  publisher={Elsevier}
}

@article{sharpe1977reaction,
  title={Reaction kinetics of poikilotherm development},
  author={Sharpe, Peter JH and DeMichele, Don W},
  journal={Journal of theoretical biology},
  volume={64},
  number={4},
  pages={649--670},
  year={1977},
  publisher={Elsevier}
}

@article{moyer2007psychrophiles,
  title={Psychrophiles and psychrotrophs},
  author={Moyer, Craig L and Morita, Richard Y},
  journal={Encyclopedia of life sciences},
  volume={1},
  number={6},
  year={2007},
  publisher={John Wiley \& Sons Ltd Chichester}
}

@article{nedwell1999effect,
  title={Effect of low temperature on microbial growth: lowered affinity for substrates limits growth at low temperature},
  author={Nedwell, David B},
  journal={FEMS microbiology ecology},
  volume={30},
  number={2},
  pages={101--111},
  year={1999},
  publisher={Blackwell Publishing Ltd Oxford, UK}
}

@article{grosskopf2016microbial,
  title={Microbial diversity arising from thermodynamic constraints},
  author={Gro{\ss}kopf, Tobias and Soyer, Orkun S},
  journal={The ISME journal},
  volume={10},
  number={11},
  pages={2725--2733},
  year={2016},
  publisher={Nature Publishing Group}
}

@article{marsland2020minimum,
  title={The minimum environmental perturbation principle: A new perspective on niche theory},
  author={Marsland III, Robert and Cui, Wenping and Mehta, Pankaj},
  journal={The American Naturalist},
  volume={196},
  number={3},
  pages={291--305},
  year={2020},
  publisher={The University of Chicago Press Chicago, IL}
}

@article{allen2005linking,
  title={Linking the global carbon cycle to individual metabolism},
  author={Allen, AP and Gillooly, JF and Brown, JH},
  journal={Functional Ecology},
  volume={19},
  number={2},
  pages={202--213},
  year={2005},
  publisher={Wiley Online Library}
}

@article{sinsabaugh2017plant,
  title={Plant, microbial and ecosystem carbon use efficiencies interact to stabilize microbial growth as a fraction of gross primary production},
  author={Sinsabaugh, Robert L and Moorhead, Daryl L and Xu, Xiaofeng and Litvak, Marcy E},
  journal={New Phytologist},
  volume={214},
  number={4},
  pages={1518--1526},
  year={2017},
  publisher={Wiley Online Library}
}

@article{geyer2016microbial,
  title={Microbial carbon use efficiency: accounting for population, community, and ecosystem-scale controls over the fate of metabolized organic matter},
  author={Geyer, Kevin M and Kyker-Snowman, Emily and Grandy, A Stuart and Frey, Serita D},
  journal={Biogeochemistry},
  volume={127},
  number={2-3},
  pages={173--188},
  year={2016},
  publisher={Springer}
}

@article{qiao2019global,
  title={Global variation of soil microbial carbon-use efficiency in relation to growth temperature and substrate supply},
  author={Qiao, Yang and Wang, Jing and Liang, Guopeng and Du, Zhenggang and Zhou, Jian and Zhu, Chen and Huang, Kun and Zhou, Xuhui and Luo, Yiqi and Yan, Liming and others},
  journal={Scientific reports},
  volume={9},
  number={1},
  pages={1--8},
  year={2019},
  publisher={Nature Publishing Group}
}

@article{steinweg2008patterns,
  title={Patterns of substrate utilization during long-term incubations at different temperatures},
  author={Steinweg, J Megan and Plante, Alain F and Conant, Richard T and Paul, Eldor A and Tanaka, Donald L},
  journal={Soil biology and biochemistry},
  volume={40},
  number={11},
  pages={2722--2728},
  year={2008},
  publisher={Elsevier}
}

@article{pold2020carbon,
  title={Carbon use efficiency and its temperature sensitivity covary in soil bacteria},
  author={Pold, Grace and Domeignoz-Horta, Luiz A and Morrison, Eric W and Frey, Serita D and Sistla, Seeta A and DeAngelis, Kristen M},
  journal={MBio},
  volume={11},
  number={1},
  pages={e02293--19},
  year={2020},
  publisher={Am Soc Microbiol}
}

@article{allison2014modeling,
  title={Modeling adaptation of carbon use efficiency in microbial communities},
  author={Allison, Steven D},
  journal={Frontiers in Microbiology},
  volume={5},
  pages={571},
  year={2014},
  publisher={Frontiers}
}

@article{ye2019increasing,
  title={Increasing microbial carbon use efficiency with warming predicts soil heterotrophic respiration globally},
  author={Ye, Jian-Sheng and Bradford, Mark A and Dacal, Marina and Maestre, Fernando T and Garc{\'\i}a-Palacios, Pablo},
  journal={Global Change Biology},
  volume={25},
  number={10},
  pages={3354--3364},
  year={2019},
  publisher={Wiley Online Library}
}

@article{bradford2013thermal,
  title={Thermal adaptation of decomposer communities in warming soils},
  author={Bradford, Mark Alexander},
  journal={Frontiers in microbiology},
  volume={4},
  pages={333},
  year={2013},
  publisher={Frontiers}
}

@article{zheng2019growth,
  title={Growth explains microbial carbon use efficiency across soils differing in land use and geology},
  author={Zheng, Qing and Hu, Yuntao and Zhang, Shasha and Noll, Lisa and B{\"o}ckle, Theresa and Richter, Andreas and Wanek, Wolfgang},
  journal={Soil Biology and Biochemistry},
  volume={128},
  pages={45--55},
  year={2019},
  publisher={Elsevier}
}

@article{bradford2013thermal,
  title={Thermal adaptation of decomposer communities in warming soils},
  author={Bradford, Mark Alexander},
  journal={Frontiers in microbiology},
  volume={4},
  pages={333},
  year={2013},
  publisher={Frontiers}
}

@article{bradford2008thermal,
  title={Thermal adaptation of soil microbial respiration to elevated temperature},
  author={Bradford, Mark A and Davies, Christian A and Frey, Serita D and Maddox, Thomas R and Melillo, Jerry M and Mohan, Jacqueline E and Reynolds, James F and Treseder, Kathleen K and Wallenstein, Matthew D},
  journal={Ecology letters},
  volume={11},
  number={12},
  pages={1316--1327},
  year={2008},
  publisher={Wiley Online Library}
}

@article{van2007power,
  title={The power of species sorting: local factors drive bacterial community composition over a wide range of spatial scales},
  author={Van der Gucht, Katleen and Cottenie, Karl and Muylaert, Koenraad and Vloemans, Nele and Cousin, Sylvie and Declerck, Steven and Jeppesen, Erik and Conde-Porcuna, Jose-Maria and Schwenk, Klaus and Zwart, Gabriel and others},
  journal={Proceedings of the National Academy of Sciences},
  volume={104},
  number={51},
  pages={20404--20409},
  year={2007},
  publisher={National Acad Sciences}
}

@article{simberloff1991guild,
  title={The guild concept and the structure of ecological communities},
  author={Simberloff, Daniel and Dayan, Tamar},
  journal={Annual review of ecology and systematics},
  volume={22},
  number={1},
  pages={115--143},
  year={1991},
  publisher={Annual Reviews 4139 El Camino Way, PO Box 10139, Palo Alto, CA 94303-0139, USA}
}

@article{seth2014nutrient,
  title={Nutrient cross-feeding in the microbial world},
  author={Seth, Erica C and Taga, Michiko E},
  journal={Frontiers in microbiology},
  volume={5},
  pages={350},
  year={2014},
  publisher={Frontiers}
}

@article{geyer2019clarifying,
  title={Clarifying the interpretation of carbon use efficiency in soil through methods comparison},
  author={Geyer, Kevin M and Dijkstra, Paul and Sinsabaugh, Robert and Frey, Serita D},
  journal={Soil Biology and Biochemistry},
  volume={128},
  pages={79--88},
  year={2019},
  publisher={Elsevier}
}

@article{saifuddin2019microbial,
  title={Microbial carbon use efficiency predicted from genome-scale metabolic models},
  author={Saifuddin, Mustafa and Bhatnagar, Jennifer M and Segr{\`e}, Daniel and Finzi, Adrien C},
  journal={Nature communications},
  volume={10},
  number={1},
  pages={1--10},
  year={2019},
  publisher={Nature Publishing Group}
}

@article{oquist2017effect,
  title={The effect of temperature and substrate quality on the carbon use efficiency of saprotrophic decomposition},
  author={{\"O}quist, Mats G and Erhagen, Bj{\"o}rn and Haei, Mahsa and Sparrman, Tobias and Ilstedt, Ulrik and Schleucher, J{\"u}rgen and Nilsson, Mats B},
  journal={Plant and Soil},
  pages={113--125},
  year={2017},
  publisher={JSTOR}
}

@article{kontopoulos2020adaptive,
  title={Adaptive evolution shapes the present-day distribution of the thermal sensitivity of population growth rate},
  author={Kontopoulos, Dimitrios—Georgios and Smith, Thomas P and Barraclough, Timothy G and Pawar, Samraat},
  journal={PLoS biology},
  volume={18},
  number={10},
  pages={e3000894},
  year={2020},
  publisher={Public Library of Science San Francisco, CA USA}
}

@article{hoehler2013microbial,
  title={Microbial life under extreme energy limitation},
  author={Hoehler, Tori M and J{\o}rgensen, Bo Barker},
  journal={Nature Reviews Microbiology},
  volume={11},
  number={2},
  pages={83--94},
  year={2013},
  publisher={Nature Publishing Group}
}

@article{fierer2009global,
  title={Global patterns in belowground communities},
  author={Fierer, Noah and Strickland, Michael S and Liptzin, Daniel and Bradford, Mark A and Cleveland, Cory C},
  journal={Ecology letters},
  volume={12},
  number={11},
  pages={1238--1249},
  year={2009},
  publisher={Wiley Online Library}
}

@article{stempler2017interspecies,
  title={Interspecies nutrient extraction and toxin delivery between bacteria},
  author={Stempler, Ofer and Baidya, Amit K and Bhattacharya, Saurabh and Mohan, Ganesh Babu Malli and Tzipilevich, Elhanan and Sinai, Lior and Mamou, Gideon and Ben-Yehuda, Sigal},
  journal={Nature communications},
  volume={8},
  number={1},
  pages={1--9},
  year={2017},
  publisher={Nature Publishing Group}
}

@article{rillig2019role,
  title={The role of multiple global change factors in driving soil functions and microbial biodiversity},
  author={Rillig, Matthias C and Ryo, Masahiro and Lehmann, Anika and Aguilar-Trigueros, Carlos A and Buchert, Sabine and Wulf, Anja and Iwasaki, Aiko and Roy, Julien and Yang, Gaowen},
  journal={Science},
  volume={366},
  number={6467},
  pages={886--890},
  year={2019},
  publisher={American Association for the Advancement of Science}
}